<?xml version="1.0" encoding="UTF-8"?><collection xmlns="http://www.loc.gov/MARC21/slim"><record><leader>00303nam--2200121-i-4500</leader><controlfield tag="001">000025592</controlfield><controlfield tag="002">20161230</controlfield><controlfield tag="005">20161230201036</controlfield><controlfield tag="008">060222s1000------------r-----000-0-eng-d</controlfield><datafield ind1=" " ind2=" " tag="100"><subfield code="a">Kholodilin, A</subfield></datafield><datafield ind1=" " ind2=" " tag="245"><subfield code="a">Richardson, j</subfield></datafield><datafield ind1=" " ind2=" " tag="490"><subfield code="a">Dordrecht, D. Reidel Publ. Co., 1981. Xi+203p</subfield></datafield><datafield ind1=" " ind2=" " tag="700"><subfield code="a">Kinnon, Colette</subfield></datafield></record></collection>